@article{Abler-2009,
  author  = {Abler, B. and Kessler, H.},
  year    = {2009},
  title   = {{Emotion Regulation Questionnaire -- Eine deutschsprachige Fassung des ERQ von Gross und John}},
  journal = {Diagnostica},
  volume  = {55},
  number  = {3},
  pages   = {144-152},
  doi     = {10.1026/0012-1924.55.3.144},
}

@article{Alarcon-2009,
  author  = {Alarcon, G. M. and Eschleman, K. J. and Bowling, N. A.},
  year    = {2009},
  title   = {Relationships between personality variables and burnout: A meta-analysis},
  journal = {Work & Stress},
  volume  = {23},
  number  = {3},
  pages   = {244-263},
  doi     = {10.1080/02678370903282600},
}

@book{Baumeister-1995,
  author    = {Baumeister, R. F. and Heatherton, T. F. and Tice, D. M.},
  year      = {1995},
  title     = {Losing control: How and why people fail at self-regulation},
  publisher = {Academic Press},
}

@article{Bertrams-2009,
  author  = {Bertrams, A. and Dickhäuser, O.},
  year    = {2009},
  title   = {{Messung dispositioneller Selbstkontroll-Kapazität}},
  journal = {Diagnostica},
  volume  = {55},
  number  = {1},
  pages   = {2-10},
  doi     = {10.1026/0012-1924.55.1.2},
}

@article{Bertrams-2012,
  author  = {Bertrams, A. and Dickhäuser, O.},
  year    = {2012},
  title   = {Passionate thinkers feel better: Self-control capacity as mediator of the relationship between {Need for Cognition} and affective adjustment},
  journal = {Journal of Individual Differences},
  volume  = {33},
  number  = {2},
  pages   = {69-75},
  doi     = {10.1027/1614-0001/a000081},
}

@article{Bianchi-2015,
  author  = {Renzo Bianchi and Irvin Sam Schonfeld and Eric Laurent},
  year    = {2015},
  title   = {Burnout–depression overlap: A review},
  journal = {Clinical Psychology Review},
  volume  = {36},
  pages   = {28-41},
  doi     = {10.1016/j.cpr.2015.01.004},
  issn    = {0272-7358},
}

@article{Bing-2022,
  author  = {Bing, H. and Sadjadi, B. and Afzali, M. and Fathi, J.},
  year    = {2022},
  title   = {Self-efficacy and emotion regulation as predictors of teacher burnout among English as a foreign language teachers: A structural equation modeling approach},
  journal = {Frontiers in Psychology},
  volume  = {13},
  doi     = {10.3389/fpsyg.2022.900417},
}

@article{Blaine-2016,
  author  = {Blaine, S. K. and Milivojevic, V. and Fox, H. and Sinha, R.},
  year    = {2016},
  title   = {Alcohol effects on stress pathways},
  journal = {The Canadian Journal of Psychiatry},
  volume  = {61},
  number  = {3},
  pages   = {145-153},
  doi     = {10.1177/0706743716632512},
}

@article{Bless-1994,
  author  = {Bless, H. and Wänke, M. and Bohner, G. and Fellhauer, R. F. and Schwarz, N.},
  year    = {1994},
  title   = {Need for Cognition: Eine Skala zur Erfassung von Engagement und Freude bei Denkaufgaben},
  journal = {Zeitschrift Für Sozialpsychologie},
  volume  = {25},
  pages   = {147-154},
  url     = {https://pub.uni-bielefeld.de/publication/1779110},
}

@book{Bortz-2010,
  author = {Bortz, J. and Schuster, C.},
  year   = {2010},
  title  = {Statistik für Human- und Sozialwissenschaftler},
  doi    = {10.1007/978-3-642-12770-0},
}

@book{Boehm-2000,
  author    = {Böhm-Kasper, O. and Bos, W. and Jaeckel, S. and Weishaupt, H.},
  year      = {2000},
  title     = {Skalenhandbuch zur Belastung von Schülern und Lehrern. Das Erfurter Belastungs-Inventar (EBI). Erfurter Materialien und Berichte zur Entwicklung des Bildungswesens},
  volume    = {ol},
  publisher = {Pädagogische Hochschule Erfurt},
  address   = {Erfurt},
}

@article{Budimir-2021,
  author  = {Budimir, S. and Probst, T. and Pieh, C.},
  year    = {2021},
  title   = {Coping strategies and mental health during COVID-19 lockdown},
  journal = {Journal of Mental Health},
  volume  = {30},
  number  = {2},
  pages   = {156-163},
  doi     = {10.1080/09638237.2021.1875412},
}

@article{Bughi-2017,
  author  = {Bughi, S. A. and Lie, D. and Zia, S. K. and Rosenthal, J.},
  year    = {2017},
  title   = {Using a personality inventory to identify risk of distress and burnout among early stage medical students},
  journal = {Education for health},
  volume  = {30},
  number  = {1},
  pages   = {26},
  doi     = {10.4103/1357-6283.210499},
}

@incollection{Burisch-2006,
  author    = {Burisch, M.},
  year      = {2006},
  title     = {Das Burnout-Syndrom},
  booktitle = {Springer eBooks (3. Aufl.)},
  editor    = {Springer Medizin Verlag Heidelberg},
  publisher = {Springer EBooks},
  address   = {Heidelberg},
  doi       = {10.1007/3-540-29660-3},
}

@article{Buessing-1992,
  author  = {A. B\"ussing and K.-M. Perrar},
  year    = {1992},
  title   = {Die {Messung von Burnout. Untersuchung einer deutschen Fassung des Maslach Burnout Inventory (MBI-D)}},
  journal = {Diagnostica},
  volume  = {38},
  pages   = {328-353},
}

@article{Bridgeman-2018,
  author  = {Bridgeman, P. J. and Bridgeman, M. B. and Barone, J.},
  year    = {2018},
  title   = {Burnout syndrome among healthcare professionals},
  journal = {American Journal of Health-System Pharmacy},
  volume  = {75},
  number  = {3},
  pages   = {147-152},
  doi     = {10.2146/ajhp170460},
}

@article{Cacioppo-1982,
  author  = {Cacioppo, J. T. and Petty, R. E.},
  year    = {1982},
  title   = {The Need for Cognition},
  journal = {Journal of Personality and Social Psychology},
  volume  = {42},
  number  = {1},
  pages   = {116-131},
  doi     = {10.1037/0022-3514.42.1.116},
}

@article{Cacioppo-1996,
  author  = {Cacioppo, J. T. and Petty, R. E. and Feinstein, J. A. and Jarvis, W. B. G.},
  year    = {1996},
  title   = {Dispositional differences in cognitive motivation: The life and times of individuals varying in Need for Cognition},
  journal = {Psychological Bulletin},
  volume  = {119},
  number  = {2},
  pages   = {197-253},
  doi     = {10.1037/0033-2909.119.2.197},
}

@article{Chang-2020,
  author  = {Chang, M. L.},
  year    = {2020},
  title   = {Emotion display rules, emotion regulation, and teacher burnout},
  journal = {Frontiers in Education},
  volume  = {5},
  doi     = {10.3389/feduc.2020.00090},
}

@article{Demirdag-2021,
  author  = {Demirdağ, S.},
  year    = {2021},
  title   = {Communication skills and time management as the predictors of student motivation},
  journal = {International journal of psychology and educational studies},
  volume  = {8},
  number  = {1},
  pages   = {38-50},
  doi     = {10.17220/ijpes.2021.8.1.222},
}

@article{Dewa-2017,
  author  = {Dewa, C. S. and Loong, D. and Bonato, S. and Trojanowski, L.},
  year    = {2017},
  title   = {The relationship between physician burnout and quality of healthcare in terms of safety and acceptability: A systematic review},
  journal = {BMJ Open},
  volume  = {7},
  number  = {6},
  pages   = {e015141},
  doi     = {10.1136/bmjopen-2016-015141},
}

@article{Dunn-2013,
  author  = {Dunn, T. J. and Baguley, T. and Brunsden, V.},
  year    = {2013},
  title   = {From alpha to omega: A practical solution to the pervasive problem of internal consistency estimation},
  journal = {British Journal of Psychology},
  volume  = {105},
  number  = {3},
  pages   = {399-412},
  doi     = {10.1111/bjop.12046},
}

@book{Duru-2014,
  author  = {Duru, E. and Duru, S. and Balkıs, M.},
  year    = {2014},
  title   = {Analysis of relationships among burnout, academic achievement, and self-regulation},
  journal = {Educational Sciences: Theory & Practice},
  volume  = {14},
  pages   = {1274-1284},
  doi     = {10.12738/estp.2014.4.2050},
  url     = {https://files.eric.ed.gov/fulltext/EJ1045080.pdf},
  issue   = {4},
}

@article{Elias-2002,
  author  = {Elias, S. M. and Loomis, R. J.},
  year    = {2002},
  title   = {Utilizing Need for Cognition and perceived Self-efficacy to predict academic performance1},
  journal = {Journal of Applied Social Psychology},
  volume  = {32},
  number  = {8},
  pages   = {1687-1702},
  doi     = {10.1111/j.1559-1816.2002.tb02770.x},
}

@online{Faul-2007,
  author = {Faul, F. and Erdfelder, E. and Lang, A. and Buchner, A.},
  year   = {2007},
  title  = {G*Power (3.1.9.7) [Software]},
  url    = {http://www.gpower.hhu.de/},
}

@article{Fleischhauer-2010,
  author  = {Fleischhauer, M. and Enge, S. and Brocke, B. and Ullrich, J. and Strobel, A. and Strobel, A.},
  year    = {2010},
  title   = {Same or Different? Clarifying the Relationship of Need for Cognition to Personality and Intelligence},
  journal = {Personality and Social Psychology Bulletin},
  volume  = {36},
  number  = {1},
  pages   = {82-96},
  doi     = {10.1177/0146167209351886},
}

@article{Fleischhauer-2019,
  author  = {Fleischhauer, M. and Miller, R. and Wekenborg, M. K. and Penz, M. and Kirschbaum, C. and Enge, S.},
  year    = {2019},
  title   = {Thinking against burnout? An individual's tendency to engage in and enjoy thinking as a potential resilience factor of burnout symptoms and burnout-related impairment in executive functioning},
  journal = {Frontiers in Psychology},
  volume  = {10},
  doi     = {10.3389/fpsyg.2019.00420},
}

@article{Folkman-1980,
  author  = {Folkman, S. and Lazarus, R. S.},
  year    = {1980},
  title   = {An analysis of coping in a middle-aged community sample},
  journal = {Journal of Health and Social Behavior},
  volume  = {21},
  number  = {3},
  pages   = {219},
  doi     = {10.2307/2136617},
}

@article{Galanis-2021,
  author  = {Galanis, P. and Vraka, I. and Fragkou, D. and Bilali, A. and Kaitelidou, D.},
  year    = {2021},
  title   = {Nurses' burnout and associated risk factors during the COVID-19 pandemic: A systematic review and meta-analysis},
  journal = {Journal of Advanced Nursing},
  doi     = {10.1111/jan.14839},
}

@article{Galea-2014,
  author  = {Galea, M.},
  year    = {2014},
  title   = {Assessing the incremental validity of spirituality in predicting nurses' burnout},
  journal = {Archive for the Psychology of Religion},
  volume  = {36},
  number  = {1},
  pages   = {118-136},
  doi     = {10.1163/15736121-12341276},
}

@article{Gignac-2016,
  author  = {Gignac, G. E. and Szodorai, E. T.},
  year    = {2016},
  title   = {Effect size guidelines for individual differences researchers},
  journal = {Personality and Individual Differences},
  volume  = {102},
  pages   = {74-78},
  doi     = {10.1016/j.paid.2016.06.069},
}

@book{Grass-2022,
  author    = {Grass, J. and Dörendahl, J. and Losereit, T. and Greiff, S. and Strobel, A.},
  year      = {2022},
  title     = {Thinking to promote happiness: Need for Cognition, subjective well-being, and burnout in different populations},
  publisher = {PsyArXiv},
  doi       = {10.31234/osf.io/zwc4y},
}

@article{Grass-2018,
  author  = {Grass, J. and John, N. and Strobel, A.},
  year    = {2018},
  title   = {Freude am Denken als Schlüssel zum Erfolg? Die Bedeutung von Need for Cognition für subjektives Erleben und Leistung im Studium},
  journal = {Zeitschrift für Pädagogische Psychologie},
  volume  = {32},
  number  = {3},
  pages   = {145-154},
  doi     = {10.1024/1010-0652/a000222},
}

@article{Grass-2019,
  author  = {Grass, J. and Krieger, F. and Paulus, P. and Greiff, S. and Strobel, A. and Strobel, A.},
  year    = {2019},
  title   = {Thinking in action: Need for Cognition predicts Self-Control together with Action Orientation},
  journal = {PLOS ONE},
  volume  = {14},
  number  = {8},
  pages   = {e0220282},
  doi     = {10.1371/journal.pone.0220282},
}

@article{Grass-2022,
  author  = {Grass, J. and Scherbaum, S. and Strobel, A.},
  year    = {2022},
  title   = {A question of method and subjective beliefs},
  journal = {Journal of Individual Differences},
  doi     = {10.1027/1614-0001/a000381},
}

@article{Greenglass-2009,
  author  = {Greenglass, E. R. and Fiksenbaum, L.},
  year    = {2009},
  title   = {Proactive coping, positive affect, and well-being},
  journal = {European Psychologist},
  volume  = {14},
  number  = {1},
  pages   = {29-39},
  doi     = {10.1027/1016-9040.14.1.29},
}

@article{Gross-1998,
  author  = {Gross, J. J.},
  year    = {1998},
  title   = {Antecedent- and response-focused emotion regulation: Divergent consequences for experience, expression, and physiology},
  journal = {Journal of Personality and Social Psychology},
  volume  = {74},
  number  = {1},
  pages   = {224-237},
  doi     = {10.1037/0022-3514.74.1.224},
}

@article{Gross-2002,
  author  = {Gross, J. J.},
  year    = {2002},
  title   = {Emotion regulation: Affective, cognitive, and social consequences},
  journal = {Psychophysiology},
  volume  = {39},
  number  = {3},
  pages   = {281-291},
  doi     = {10.1017/s0048577201393198},
}

@article{Gumz-2013,
  author  = {Gumz, A. and Erices, R. and Brähler, E. and Zenger, M.},
  year    = {2013},
  title   = {{Faktorstruktur und Gütekriterien der deutschen Übersetzung des Maslach-Burnout-Inventars für Studierende von Schaufeli et al. (MBI-SS)}},
  journal = {Psychotherapie Psychosomatik Medizinische Psychologie},
  volume  = {63},
  number  = {02},
  pages   = {77-84},
  doi     = {10.1055/s-0032-1323695},
}

@article{Haeffel-2010,
  author  = {Haeffel, G. J. and Howard, G. S.},
  year    = {2010},
  title   = {Self-report: Psychology's four-letter word},
  journal = {American Journal of Psychology},
  volume  = {123},
  number  = {2},
  pages   = {181-188},
  doi     = {10.5406/amerjpsyc.123.2.0181},
}

@article{Hall-2016,
  author  = {Hall, L. H. and Johnson, J. and Watt, I. and Tsipa, A. and O'Connor, D. B.},
  year    = {2016},
  title   = {Healthcare staff wellbeing, burnout, and patient safety: A systematic review},
  journal = {PLOS ONE},
  volume  = {11},
  number  = {7},
  pages   = {e0159015},
  doi     = {10.1371/journal.pone.0159015},
}

@article{Hassan-2020,
  author  = {Hassan, N. M. and Abu-Elenin, M. M. and Elsallamy, R. M. and Kabbash, I. A.},
  year    = {2020},
  title   = {Job stress among resident physicians in Tanta University hospitals, Egypt},
  journal = {Environmental Science and Pollution Research},
  volume  = {27},
  number  = {30},
  pages   = {37557-37564},
  doi     = {10.1007/s11356-020-08271-9},
}

@book{Hoff-2024,
  author  = {Hoff, I. H. and Farkas, A. and Melicherova, U. and Köllner, V. and Hoyer, J. and Strobel, A. and Strobel, A.},
  year    = {2024},
  title   = {The role of cognitive motivation and self-regulation in coping with occupational demands},
  journal = {Frontiers in Psychology},
  volume  = {15},
  doi     = {10.3389/fpsyg.2024.1422724},
}

@article{Hu-1999,
  author  = {Hu, L. and Bentler, P. M.},
  year    = {1999},
  title   = {Cutoff criteria for fit indexes in covariance structure analysis: Conventional criteria versus new alternatives},
  journal = {Structural Equation Modeling},
  volume  = {6},
  number  = {1},
  pages   = {1-55},
  doi     = {10.1080/10705519909540118},
}

@article{Hu-2014,
  author  = {Hu, T. and Zhang, D. and Wang, J. and Mistry, R. and Ran, G. and Wang, X.},
  year    = {2014},
  title   = {Relation between emotion regulation and mental health: A meta-analysis review},
  journal = {Psychological Reports},
  volume  = {114},
  number  = {2},
  pages   = {341-362},
  doi     = {10.2466/03.20.pr0.114k22w4},
}

@unpublished{Kadur-2018,
  author    = {Kadur, A. M.},
  year      = {2018},
  title     = {{Risiko}- und {Protektivfaktoren} der {Persönlichkeit} von {Pflegekräften} ({Unpublished Master's Thesis})},
  publisher = {Chemnitz University of Technology},
}

@article{Karagiannopoulou-2020,
  author  = {Karagiannopoulou, E. and Milienos, F. S. and Rentzios, C.},
  year    = {2020},
  title   = {Grouping learning approaches and emotional factors to predict students' academic progress},
  journal = {International journal of school and educational psychology},
  volume  = {10},
  number  = {2},
  pages   = {258-275},
  doi     = {10.1080/21683603.2020.1832941},
}

@article{Leiter-1992,
  author  = {Leiter, M. P.},
  year    = {1992},
  title   = {Burn-out as a crisis in self-efficacy: Conceptual and practical implications},
  journal = {Work & Stress},
  volume  = {6},
  number  = {2},
  pages   = {107-115},
  doi     = {10.1080/02678379208260345},
}

@online{Lefrank-2021,
  author = {Lefrank, W. and Gräf, M.},
  year   = {2021},
  title  = {Eine quantitative Studie zum Einfluss von Achtsamkeit auf Stress, Burnout und Depression},
  url    = {https://hdl.handle.net/10419/248720},
  note   = {Arbeitspapiere der FOM, 82},
  isbn   = {978-3-89275-235-6},
}

@article{Li-2014,
  author  = {Li, X. and Guan, L. and Chang, H. H. and Zhang, B.},
  year    = {2014},
  title   = {Core self-evaluation and burnout among nurses: The mediating role of coping styles},
  journal = {PLOS ONE},
  volume  = {9},
  number  = {12},
  pages   = {e115799},
  doi     = {10.1371/journal.pone.0115799},
}

@article{Lyndon-2015,
  author  = {Lyndon, A.},
  year    = {2015},
  title   = {Burnout among health professionals and its effect on patient safety},
  journal = {PSNet},
  url     = {https://psnet.ahrq.gov/perspective/burnout-among-health-professionals-and-its-effect-patient-safety},
  date    = {2015-01-01},
  month   = {January},
  urldate = {March 31, 2023},
}

@incollection{Maslach-1998,
  author    = {C. Maslach},
  year      = {1998},
  title     = {A multidimensional theory of burnout},
  booktitle = {Theories of Organizational Stress},
  editor    = {C. L. Cooper},
  pages     = {68-85},
  publisher = {Oxford University Press},
  url       = {https://www.researchgate.net/profile/Christina-Maslach/publication/280939428_A_Multidimensional_Theory_of_Burnout/links/55cd2b0708aebebb8f577ea5/A-Multidimensional-Theory-of-Burnout.pdf},
}

@article {Maslach-2003,
  author = {C. Maslach},
  title ={Job Burnout: New Directions in Research and Intervention},
  journal = {Current Directions in Psychological Science},
  volume = {12},
  number = {5},
  pages = {189-192},
  year = {2003},
  doi = {https://doi.org/10.1111/1467-8721.01258},
}

@article{Maslach-1981,
  author  = {C. Maslach and S. E. Jackson},
  year    = {1981},
  title   = {The measurement of experienced burnout},
  journal = {Journal of Organizational Behavior},
  volume  = {2},
  number  = {2},
  pages   = {99-113},
  doi     = {https://doi.org/10.1002/job.4030020205},
}

@article{Maslach-2001,
  author  = {Maslach, C. and Schaufeli, W. B. and Leiter, M. P.},
  year    = {2001},
  title   = {Job burnout},
  journal = {Annual Review of Psychology},
  volume  = {52},
  number  = {1},
  pages   = {397-422},
  doi     = {10.1146/annurev.psych.52.1.397},
}

@article{Naderi-2018,
  author  = {Naderi, Z. and Bakhtiari, S. and Momennasab, M. and Abootalebi, M. and Mirzaei, T.},
  year    = {2018},
  title   = {Prediction of academic burnout and academic performance based on the Need for Cognition and general self-efficacy: A cross-sectional analytical study},
  journal = {Revista Latinoamericana de Hipertensión},
  volume  = {13},
  number  = {6},
  pages   = {584-591},
  url     = {http://saber.ucv.ve/ojs/index.php/rev_lh/article/view/15},
}

@article{Oreskovich-2012,
  author  = {Oreskovich, M. R. and Kaups, K. L. and Balch, C. M. and Hanks, J. B. and Satele, D. and Sloan, J. A. and Meredith, C. W. and Buhl, A. and Dyrbye, L. N. and Shanafelt, T. D.},
  year    = {2012},
  title   = {Prevalence of alcohol use disorders among american surgeons},
  journal = {Archives of Surgery},
  volume  = {147},
  number  = {2},
  pages   = {168-175},
  doi     = {10.1001/archsurg.2011.1481},
}

@article{Palupi-2019,
  author  = {Palupi, R. and Findyartini, A.},
  year    = {2019},
  title   = {The relationship between gender and coping mechanisms with burnout events in first-year medical students},
  journal = {Korean Journal of Medical Education},
  volume  = {31},
  number  = {4},
  pages   = {331-342},
  doi     = {10.3946/kjme.2019.143},
}

@article{Parandeh-2022,
  author  = {Parandeh, A. and Ashtari, S. and Rahimi-Bashar, F. and Gohari-Moghadam, K. and Vahedian-Azimi, A.},
  year    = {2022},
  title   = {Prevalence of burnout among health care workers during coronavirus disease ({COVID-19}) pandemic: A systematic review and meta-analysis},
  journal = {Professional Psychology: Research and Practice},
  volume  = {53},
  pages   = {564-573},
  doi     = {10.1037/pro0000483},
  issue   = {6},
}

@article{Prasad-2021,
  author  = {Prasad, K. and McLoughlin, C. and Stillman, M. and Poplau, S. and Goelz, E. and Taylor, S. and Nankivil, N. and Brown, R. and Linzer, M. and Cappelucci, K. and Barbouche, M. and Sinsky, C. A.},
  year    = {2021},
  title   = {Prevalence and correlates of stress and burnout among U. S. healthcare workers during the COVID-19 pandemic: A national cross-sectional survey study},
  journal = {EClinicalMedicine},
  volume  = {35},
  pages   = {100879},
  doi     = {10.1016/j.eclinm.2021.100879},
}

@online{Questback-2017,
  author = {Questback},
  year   = {2017},
  title  = {EFS Survey [Software]},
  url    = {https://www.questback.com/de},
}

@online{q17,
  author = {Questback},
  year   = {2017},
  title  = {EFS Survey (Version Summer 2017) [Software]},
  url    = {https://www.questback.com/de},
}

@online{q18,
  author = {Questback},
  year   = {2018},
  title  = {EFS Survey (Version Winter 2018) [Software]},
  url    = {https://www.questback.com/de},
}

@article{Reed-2018,
  author  = {Reed-Knight, B. and Van Tilburg, M. A. and Levy, R. L. and Langer, S. L. and Romano, J. M. and Murphy, T. B. and DuPen, M. M. and Feld, A. D.},
  year    = {2018},
  title   = {Maladaptive coping and depressive symptoms partially explain the association between family stress and pain-related distress in youth with IBD},
  journal = {Journal of Pediatric Psychology},
  volume  = {43},
  number  = {1},
  pages   = {94-103},
  doi     = {10.1093/jpepsy/jsx082},
}

@article{Reisenzein-2008,
  author = {Reisenzein, R. and Schützwohl, A. and Meyer, W.},
  year = {2008},
  title = {Einführung in die Emotionspsychologie},
  journal = {Bd.},
  volume = {3, Kognitive Emotionstheorien (1. Aufl., ). Huber, Bern},
}

@article{Rink-2023,
  author = {Lesley C. Rink and Tolu O. Oyesanya and Kathryn C. Adair and Janice C. Humphreys and Susan G. Silva and John Bryan Sexton},
  title = {Stressors among healthcare workers: A summative content analysis},
  journal = {Global Qualitative Nursing Research},
  volume = {10},
  pages = {1-13},
  year = {2023},
  doi = {10.1177/23333936231161127},
}

@article{Sadowski-1997,
  author  = {Sadowski, C. J. and Cogburn, H. E.},
  year    = {1997},
  title   = {Need for Cognition in the big-five factor structure},
  journal = {The Journal of Psychology},
  volume  = {131},
  number  = {3},
  pages   = {307-312},
  doi     = {10.1080/00223989709603517},
}

@article{Sandra-2018,
  author  = {Sandra, D. A. and Otto, A. R.},
  year    = {2018},
  title   = {Cognitive capacity limitations and Need for Cognition differentially predict reward-induced cognitive effort expenditure},
  journal = {Cognition},
  volume  = {172},
  pages   = {101-106},
  doi     = {10.1016/j.cognition.2017.12.004},
}

@book{Satow-2012,
  author = {Satow, L.},
  year   = {2012},
  title  = {{Stress- und Coping-Inventar (SCI): Test- und Skalendokumentation}},
  url    = {https://www.drsatow.de/tests/stress-und-coping-inventar/},
}

@book{Schramm-2014,
  author    = {Schramm, T. J. T.},
  year      = {2014},
  title     = {Burnout am Arbeitsplatz von Krankenschwestern und Krankenpflegern in Bayern -- Eine empirische Untersuchung [Doktorarbeit]},
  publisher = {Europa-Universität Viadrina  (Oder},
  address   = {Frankfurt},
}

@article{Schuetz-2016,
  author  = {Schütz, A. and Rentzsch, K. and Rüdiger, M.},
  year    = {2016},
  title   = {Lehrbuch Persönlichkeitspsychologie (1},
  journal = {Auflage},
  volume  = {2016). Hogrefe AG},
}

@article{Seibert-2017,
  author  = {Seibert, G. S. and Bauer, K. N. and May, R. W. and Fincham, F. D.},
  year    = {2017},
  title   = {Emotion regulation and academic underperformance: The role of school burnout},
  journal = {Learning and Individual Differences},
  volume  = {60},
  pages   = {1-9},
  doi     = {10.1016/j.lindif.2017.10.001},
}

@article{Shanafelt-2009,
  author  = {Shanafelt, T. D. and Balch, C. M. and Bechamps, G. and Russell, T. P. and Dyrbye, L. N. and Satele, D. and Collicott, P. and Novotny, P. J. and Sloan, J. A. and Freischlag, J. A.},
  year    = {2009},
  title   = {Burnout and career satisfaction among american surgeons},
  journal = {Annals of Surgery},
  volume  = {250},
  number  = {3},
  pages   = {463-471},
  doi     = {10.1097/sla.0b013e3181ac4dfd},
}

@article{Shanafelt-2011,
  author  = {Shanafelt, T. D. and Balch, C. M. and Dyrbye, L. N. and Bechamps, G. and Russell, T. and Satele, D. and Rummans, T. A. and Swartz, K. and Novotny, P. J. and Sloan, J. A. and Oreskovich, M. R.},
  year    = {2011},
  title   = {Special report: Suicidal ideation among american surgeons},
  journal = {Archives of Surgery},
  volume  = {146},
  number  = {1},
  pages   = {54-62},
  doi     = {10.1001/archsurg.2010.292},
}

@article{Shin-2014,
  author  = {Shin, H. and Park, Y. M. and Ying, J. Y. and Kim, B. and Noh, H. and Lee, S. M.},
  year    = {2014},
  title   = {Relationships between coping strategies and burnout Symptoms: A Meta-analytic approach},
  journal = {Professional Psychology: Research and Practice},
  volume  = {45},
  number  = {1},
  pages   = {44-56},
  doi     = {10.1037/a0035220},
}

@misc{Simmons-2012,
  author = {Simmons, Joseph P. and Nelson, Leif D. and Simonsohn, Uri},
  year   = {2012},
  title  = {A 21 word solution},
  doi    = {10.2139/ssrn.2160588},
  url    = {https://papers.ssrn.com/abstract=2160588},
}

@article{Skinner-2003,
  author  = {Skinner, E. A. and Edge, K. and Altman, J. and Sherwood, H.},
  year    = {2003},
  title   = {Searching for the structure of coping: A review and critique of category systems for classifying ways of coping},
  journal = {Psychological Bulletin},
  volume  = {129},
  number  = {2},
  pages   = {216-269},
  doi     = {10.1037/0033-2909.129.2.216},
}

@article{Smeds-2020,
  author  = {Smeds, M. R. and Janko, M. and Allen, S. R. and Amankwah, K. S. and Arnell, T. D. and Ansari, P. and Balters, M. and Hess, D. T. and Ferguson, E. and Jackson, P. G. and Kimbrough, M. K. and Knight, D. C. and Johnson, M. and Porter, M. P. and Shames, B. D. and Schroll, R. and Shelton, J. and Sussman, J. J. and Yoo, P. S.},
  year    = {2020},
  title   = {Burnout and its relationship with perceived stress, self-efficacy, depression, social support, and programmatic factors in general surgery residents},
  journal = {The American Journal of Surgery},
  volume  = {219},
  number  = {6},
  pages   = {907-912},
  doi     = {10.1016/j.amjsurg.2019.07.004},
}

@article{So-Hyung-2015,
  author  = {So-Hyung, K. and Jong-Hyuck, K. and Il-Kon, K. and Wi-Young, S. and Dong Jun, S.},
  year    = {2015},
  title   = {The Effect of Smoking on Brain Wave Activity in Middle-Aged Men Measured by Electrocorticography},
  journal = {PubMed Central},
  url     = {https://www.ncbi.nlm.nih.gov/pmc/articles/PMC4645788/},
  urldate = {November 25, 2023},
}

@article{Soto-Rubio-2020,
  author  = {Soto-Rubio, A. and Del Carmen Giménez-Espert, M. and Prado-Gascó, V.},
  year    = {2020},
  title   = {Effect of emotional intelligence and psychosocial risks on burnout, job satisfaction, and nurses' health during the COVID-19 pandemic},
  journal = {International Journal of Environmental Research and Public Health},
  volume  = {17},
  number  = {21},
  pages   = {7998},
  doi     = {10.3390/ijerph17217998},
}

@article{Strobel-2017,
  author  = {Strobel, A. and Anacker, K. and Strobel, A.},
  year    = {2017},
  title   = {Cognitive engagement mediates the relationship between positive life events and positive emotionality},
  journal = {Frontiers in Psychology},
  volume  = {8},
  doi     = {10.3389/fpsyg.2017.01861},
}

@article{Strobel-2021,
  author  = {Strobel, A. and Farkas, A. and Hoyer, J. and Melicherova, U. and Köllner, V. and Strobel, A.},
  year    = {2021},
  title   = {Cognitive motivation as a resource for affective adjustment and mental health},
  journal = {Frontiers in Psychology},
  volume  = {12},
  doi     = {10.3389/fpsyg.2021.581681},
}

@article{Sun-2017,
  author  = {Sun, J. and Lin, P. and Zhang, H. and Li, J. and Cao, F.},
  year    = {2017},
  title   = {A non-linear relationship between the cumulative exposure to occupational stressors and nurses' burnout and the potentially emotion regulation factors},
  journal = {Journal of Mental Health},
  volume  = {27},
  number  = {5},
  pages   = {409-415},
  doi     = {10.1080/09638237.2017.1385740},
}

@article{Vizoso-2019,
  author  = {Vizoso, C. and Arias-Gundín, O. and Rodríguez, C.},
  year    = {2019},
  title   = {Exploring coping and optimism as predictors of academic burnout and performance among university students},
  journal = {Educational Psychology},
  volume  = {39},
  number  = {6},
  pages   = {768-783},
  doi     = {10.1080/01443410.2018.154},
}

@article{Kaenel-2017,
  author  = {Von Känel, R. and Herr, R. M. and Van Vianen, A. and Schmidt, B.},
  year    = {2017},
  title   = {Association of adaptive and maladaptive narcissism with personal burnout: Findings from a cross-sectional study},
  journal = {Industrial Health},
  volume  = {55},
  number  = {3},
  pages   = {233-242},
  doi     = {10.2486/indhealth.2016-0136},
}

@article{West-2018,
  author  = {West, C. and Dyrbye, L. N. and Shanafelt, T. D.},
  year    = {2018},
  title   = {Physician burnout: contributors, consequences and solutions},
  journal = {Journal of Internal Medicine},
  volume  = {283},
  number  = {6},
  pages   = {516-529},
  doi     = {10.1111/joim.12752},
}

@article{Wu-2020,
  author  = {Wu, Y. and Wang, J. and Luo, C. and Hu, S. and Lin, X. and Anderson, A. E. and Bruera, E. and Yang, X. and Wei, S. and Qian, Y.},
  year    = {2020},
  title   = {A comparison of burnout frequency among oncology physicians and nurses working on the frontline and usual wards during the COVID-19 epidemic in Wuhan, {C}hina},
  journal = {Journal of Pain and Symptom Management},
  volume  = {60},
  number  = {1},
  pages   = {e60-e65},
  doi     = {10.1016/j.jpainsymman.2020.04.008},
}

@article{Zerna-2022,
  author  = {Zerna, J. and Engelmann, N. and Strobel, A. and Strobel, A.},
  year    = {2022},
  title   = {Need for Cognition and burnout in teachers -- A replication and extension study},
  journal = {Health Psychology Open},
  volume  = {9},
  number  = {2},
  pages   = {2055102922113},
  doi     = {10.1177/20551029221139679},
}

@book{Zerna-2024,
  author    = {Zerna, J. and Strobel, A. and Strobel, A.},
  year      = {2024},
  title     = {The role of Need for Cognition in well-being -- Review and meta-analyses of associations and potentially underlying mechanisms},
  volume    = {10},
  publisher = {Collabra: Psychology},
  doi       = {10.1525/collabra.92885},
  issue     = {1},
}

@unpublished{Ziessler-2019,
  author    = {Ziessler, K.},
  year      = {2019},
  title     = {{Need for Cognition als Ressource für helfende Berufe} ({Unpublished Bachelor's Thesis})},
  publisher = {Chemnitz University of Technology},
}