@Manual{R-base,
  title        = {R: A Language and Environment for Statistical Computing},
  author       = {{R Core Team}},
  organization = {R Foundation for Statistical Computing},
  address      = {Vienna, Austria},
  year         = {2024},
  url          = {https://www.R-project.org/},
}

@Manual{R-papaja,
  title       = {{papaja}: {Prepare} reproducible {APA} journal articles with {R Markdown}},
  author      = {Frederik Aust and Marius Barth},
  year        = {2024},
  note        = {R package version 0.1.3},
  url         = {https://github.com/crsh/papaja},
  doi         = {10.32614/CRAN.package.papaja},
}

@Manual{R-RStudio,
    title     = {RStudio: Integrated Development Environment for R},
    author    = {{Posit team}},
    organization = {Posit Software, PBC},
    address   = {Boston, MA},
    year      = {2024},
    url       = {http://www.posit.co/},
  }


@Manual{R-psych,
  title       = {psych: Procedures for Psychological, Psychometric, and Personality Research},
  author      = {William Revelle},
  organization = {Northwestern University},
  address     = {Evanston, Illinois},
  year        = {2024},
  note        = {R package version 2.4.6},
  url         = {https://CRAN.R-project.org/package=psych},
}

@Article{R-lavaan,
  title       = {{lavaan}: An {R} Package for Structural Equation Modeling},
  author      = {Yves Rosseel},
  journal     = {Journal of Statistical Software},
  year        = {2012},
  volume      = {48},
  number      = {2},
  pages       = {1-36},
  doi         = {10.18637/jss.v048.i02},
}

@Manual{R-here,
  title       = {here: A Simpler Way to Find Your Files},
  author      = {Kirill Müller},
  year        = {2020},
  note        = {R package version 1.0.1},
  url         = {https://CRAN.R-project.org/package=here},
}

@Manual{R-dplyr,
  title = {dplyr: A Grammar of Data Manipulation},
  author = {Hadley Wickham and Romain François and Lionel Henry and Kirill Müller and Davis Vaughan},
  year = {2023},
  note = {R package version 1.1.4},
  url = {https://CRAN.R-project.org/package=dplyr},
  doi = {10.32614/CRAN.package.dplyr},
}
@Manual{R-shape,
  title = {shape: Functions for Plotting Graphical Shapes, Colors},
  author = {Karline Soetaert},
  year = {2024},
  note = {R package version 1.4.6.1},
  url = {https://CRAN.R-project.org/package=shape},
  doi = {10.32614/CRAN.package.shape},
}

@Manual{R-tinylabels,
  title = {{tinylabels}: Lightweight variable labels},
  author = {Marius Barth},
  year = {2025},
  note = {R package version 0.2.5},
  url = {https://cran.r-project.org/package=tinylabels},
  doi = {10.32614/CRAN.package.tinylabels},
}
